@misc{strymon,
 author = {},
 title = {Strymon: Queryable Online Simulations for Modern Datacenters},
 url = {http://strymon.systems.ethz.ch}
}

@article{ysb,
author = {Sanket Chintapalli, and Derek Dagit, and Bobby Evans, and Reza Farivar, and Thomas Graves, and Mark Holderbaugh, and Zhuo Liu, and Kyle Nusbaum, and Kishorkumar Patil, and Boyang Jerry Peng, and Paul Poulosky, and undefined, and undefined, and undefined, and undefined, },
title = {Benchmarking Streaming Computation Engines: Storm, Flink and Spark Streaming},
journal = {2016 IEEE International Parallel and Distributed Processing Symposium Workshops (IPDPSW)},
volume = {00},
number = {},
issn = {},
year = {2016},
pages = {1789-1792},
doi = {doi.ieeecomputersociety.org/10.1109/IPDPSW.2016.138},
publisher = {IEEE Computer Society},
address = {Los Alamitos, CA, USA},
}

@misc{nexmark,
 author = {Pete Tucker, and Kristin Tufte, and Vassilis Papadimos, and David Maier},
 title = {NEXMark â€“ A Benchmark for Queries over Data Streams (draft paper)},
 url = {http://datalab.cs.pdx.edu/niagara/pstream/nexmark.pdf}
}

@misc{hibench,
 author = {},
 title = {HiBench Suite: The bigdata micro benchmark suite},
 url = {https://github.com/intel-hadoop/HiBench}
}


