@inproceedings{ysb,
  title={Benchmarking streaming computation engines: Storm, Flink and Spark streaming},
  author={Chintapalli, Sanket and Dagit, Derek and Evans, Bobby and Farivar, Reza and Graves, Thomas and Holderbaugh, Mark and Liu, Zhuo and Nusbaum, Kyle and Patil, Kishorkumar and Peng, Boyang Jerry and others},
  booktitle={Parallel and Distributed Processing Symposium Workshops, 2016 IEEE International},
  pages={1789--1792},
  year={2016},
  organization={IEEE},
  url={http://ieeexplore.ieee.org/abstract/document/7530084/}
}

@online{hibench,
  title={HiBench is a big data benchmark suite},
  author={Intel},
  url={https://github.com/intel-hadoop/HiBench}
}

@techreport{nexmark,
  title={NEXMark--A Benchmark for Queries over Data Streams (DRAFT)},
  author={Tucker, Pete and Tufte, Kristin and Papadimos, Vassilis and Maier, David},
  year={2008},
  institution={Technical report, OGI School of Science \& Engineering at OHSU, Septembers},
  url={http://datalab.cs.pdx.edu/niagara/pstream/nexmark.pdf}
}

@misc{nexmark-beam,
  title={NEXMark on Apache Beam},
  author={Apache Foundation},
  url={https://beam.apache.org/documentation/sdks/java/nexmark/}
}

@inproceedings{s4,
  title={S4: Distributed stream computing platform},
  author={Neumeyer, Leonardo and Robbins, Bruce and Nair, Anish and Kesari, Anand},
  booktitle={Data Mining Workshops (ICDMW), 2010 IEEE International Conference on},
  pages={170--177},
  year={2010},
  organization={IEEE},
  url={https://pdfs.semanticscholar.org/53a8/7ccd0ecbad81949c688c2240f2c0c321cdb1.pdf}
}

@inproceedings{spade,
  title={SPADE: the system s declarative stream processing engine},
  author={Gedik, Bugra and Andrade, Henrique and Wu, Kun-Lung and Yu, Philip S and Doo, Myungcheol},
  booktitle={Proceedings of the 2008 ACM SIGMOD international conference on Management of data},
  pages={1123--1134},
  year={2008},
  organization={ACM},
  url={http://cs.ucsb.edu/~ckrintz/papers/gedik_et_al_2008.pdf}
}

@article{discretized,
  title={Discretized Streams: An Efficient and Fault-Tolerant Model for Stream Processing on Large Clusters},
  author={Zaharia, Matei and Das, Tathagata and Li, Haoyuan and Shenker, Scott and Stoica, Ion},
  journal={HotCloud},
  volume={12},
  pages={10--10},
  year={2012},
  url={https://www.usenix.org/system/files/conference/hotcloud12/hotcloud12-final28.pdf}
}

@article{millwheel,
  title={MillWheel: fault-tolerant stream processing at internet scale},
  author={Akidau, Tyler and Balikov, Alex and Bekiro{\u{g}}lu, Kaya and Chernyak, Slava and Haberman, Josh and Lax, Reuven and McVeety, Sam and Mills, Daniel and Nordstrom, Paul and Whittle, Sam},
  journal={Proceedings of the VLDB Endowment},
  volume={6},
  number={11},
  pages={1033--1044},
  year={2013},
  publisher={VLDB Endowment},
  url={http://db.cs.berkeley.edu/cs286/papers/millwheel-vldb2013.pdf}
}

@inproceedings{bigdatabench,
  title={Bigdatabench: A big data benchmark suite from internet services},
  author={Wang, Lei and Zhan, Jianfeng and Luo, Chunjie and Zhu, Yuqing and Yang, Qiang and He, Yongqiang and Gao, Wanling and Jia, Zhen and Shi, Yingjie and Zhang, Shujie and others},
  booktitle={High Performance Computer Architecture (HPCA), 2014 IEEE 20th International Symposium on},
  pages={488--499},
  year={2014},
  organization={IEEE},
  url={https://arxiv.org/pdf/1401.1406}
}

@article{streamcloud,
  title={Streamcloud: An elastic and scalable data streaming system},
  author={Gulisano, Vincenzo and Jimenez-Peris, Ricardo and Patino-Martinez, Marta and Soriente, Claudio and Valduriez, Patrick},
  journal={IEEE Transactions on Parallel and Distributed Systems},
  volume={23},
  number={12},
  pages={2351--2365},
  year={2012},
  publisher={IEEE},
  url={http://oa.upm.es/16848/1/INVE_MEM_2012_137816.pdf}
}

@inproceedings{integrating,
  title={Integrating scale out and fault tolerance in stream processing using operator state management},
  author={Castro Fernandez, Raul and Migliavacca, Matteo and Kalyvianaki, Evangelia and Pietzuch, Peter},
  booktitle={Proceedings of the 2013 ACM SIGMOD international conference on Management of data},
  pages={725--736},
  year={2013},
  organization={ACM},
  url={http://openaccess.city.ac.uk/8175/1/sigmod13-seep.pdf}
}

@inproceedings{timestream,
  title={Timestream: Reliable stream computation in the cloud},
  author={Qian, Zhengping and He, Yong and Su, Chunzhi and Wu, Zhuojie and Zhu, Hongyu and Zhang, Taizhi and Zhou, Lidong and Yu, Yuan and Zhang, Zheng},
  booktitle={Proceedings of the 8th ACM European Conference on Computer Systems},
  pages={1--14},
  year={2013},
  organization={ACM},
  url={https://pdfs.semanticscholar.org/9e07/4f3d1c0e6212282818c8fb98cc35fe03f4d0.pdf}
}

@inproceedings{storm,
  title={Adaptive online scheduling in Storm},
  author={Aniello, Leonardo and Baldoni, Roberto and Querzoni, Leonardo},
  booktitle={Proceedings of the 7th ACM international conference on Distributed event-based systems},
  pages={207--218},
  year=2013,
  organization={ACM},
  url={http://midlab.diag.uniroma1.it/articoli/ABQ13storm.pdf}
}

@inproceedings{storm2,
  title={Big data analytics on high Velocity streams: A case study},
  author={Chardonnens, Thibaud and Cudre-Mauroux, Philippe and Grund, Martin and Perroud, Benoit},
  booktitle={Big Data, 2013 IEEE International Conference on},
  pages={784--787},
  year={2013},
  organization={IEEE},
  url={https://www.researchgate.net/profile/Philippe_Cudre-Mauroux/publication/261281638_Big_data_analytics_on_high_Velocity_streams_A_case_study/links/5891ae9592851cda2569ec2b/Big-data-analytics-on-high-Velocity-streams-A-case-study.pdf}
}

@inproceedings{naiad,
  title={Naiad: a timely dataflow system},
  author={Murray, Derek G and McSherry, Frank and Isaacs, Rebecca and Isard, Michael and Barham, Paul and Abadi, Mart{\'\i}n},
  booktitle={Proceedings of the Twenty-Fourth ACM Symposium on Operating Systems Principles},
  pages={439--455},
  year={2013},
  organization={ACM},
  url={https://dl.acm.org/ft_gateway.cfm?id=2522738&type=pdf}
}

@misc{timely,
  title={Timely dataflow},
  author={McSherry, F and others},
  year={2016},
  url={https://github.com/frankmcsherry/timely-dataflow/}
}